<record xmlns='http://www.loc.gov/MARC21/slim'><leader>01240cim a22003132u 4500</leader><controlfield tag='001'>3600372</controlfield><controlfield tag='005'>20151214182550.0</controlfield><controlfield tag='007'>ss|lmnjluz|nuu</controlfield><controlfield tag='008'>991101s1988    nyunnn         l    eng d</controlfield><datafield ind1=' ' ind2=' ' tag='035'><subfield code='a'>(NIC)notisASF7437</subfield></datafield><datafield ind1=' ' ind2=' ' tag='035'><subfield code='a'>3600372</subfield></datafield><datafield ind1=' ' ind2=' ' tag='035'><subfield code='a'>(OCoLC)63895956</subfield></datafield><datafield ind1=' ' ind2=' ' tag='040'><subfield code='a'>NIC</subfield><subfield code='c'>NIC</subfield><subfield code='d'>NIC</subfield><subfield code='d'>NIC</subfield></datafield><datafield ind1='1' ind2=' ' tag='100'><subfield code='a'>Khan, Shoaib Sultan.</subfield></datafield><datafield ind1='1' ind2='0' tag='245'><subfield code='a'>New approaches to rural development participation: the Aga Khan Rural Support Program in Northern Pakistan</subfield><subfield code='h'>[sound recording]</subfield></datafield><datafield ind1=' ' ind2=' ' tag='260'><subfield code='c'>1988.</subfield></datafield><datafield ind1=' ' ind2=' ' tag='300'><subfield code='a'>1 sound cassette (92 min.) :</subfield><subfield code='b'>analog, mono.</subfield></datafield><datafield ind1=' ' ind2=' ' tag='500'><subfield code='a'>Recorded in Ithaca, NY by Cornell University.</subfield></datafield><datafield ind1=' ' ind2=' ' tag='500'><subfield code='a'>Sponsored by: City and Regional Planning, Dept. of.</subfield></datafield><datafield ind1=' ' ind2=' ' tag='518'><subfield code='a'>Lecture, January 29, 1988.</subfield></datafield><datafield ind1=' ' ind2=' ' tag='520'><subfield code='a'>Khan describes his efforts in coordinating the regional development of rural tribes in Northern Pakistan.</subfield></datafield><datafield ind1=' ' ind2='0' tag='650'><subfield code='a'>Agricultural development projects</subfield><subfield code='z'>Pakistan.</subfield></datafield><datafield ind1=' ' ind2='0' tag='650'><subfield code='a'>Pakistan</subfield><subfield code='x'>Economic conditions.</subfield></datafield><datafield ind1=' ' ind2='7' tag='650'><subfield code='a'>Agricultural development projects</subfield><subfield code='2'>fast</subfield><subfield code='0'>(OCoLC)fst00800659</subfield></datafield><datafield ind1=' ' ind2='7' tag='651'><subfield code='a'>Pakistan</subfield><subfield code='2'>fast</subfield><subfield code='0'>(OCoLC)fst01210275</subfield></datafield><datafield ind1=' ' ind2='0' tag='830'><subfield code='a'>International studies in planning seminars.</subfield></datafield><datafield ind1='1' ind2=' ' tag='899'><subfield code='a'>CULectures</subfield></datafield><datafield ind1=' ' ind2=' ' tag='905'><subfield code='a'>19991221120000.0</subfield></datafield><datafield ind1='2' ind2=' ' tag='948'><subfield code='a'>20141221</subfield><subfield code='b'>m</subfield><subfield code='d'>batch</subfield><subfield code='e'>lts</subfield><subfield code='x'>addfast</subfield></datafield></record>